<?xml version="1.0" encoding="UTF-8" ?>
<marc:collection xmlns:marc="http://www.loc.gov/MARC21/slim"
	xmlns:xsi="http://www.w3.org/2001/XMLSchema-instance"
	xsi:schemaLocation="http://www.loc.gov/MARC21/slim http://www.loc.gov/standards/marcxml/schema/MARC21slim.xsd">
	<marc:record>
		<marc:leader>01503nam a2200289   4500</marc:leader>
		<marc:controlfield tag="001">000000145395</marc:controlfield>
		<marc:controlfield tag="003">CaOOAMICUS</marc:controlfield>
		<marc:controlfield tag="005">20140325161616.0</marc:controlfield>
		<marc:controlfield tag="008">140325s2013    sp oooo  6    001 0dspa u</marc:controlfield>
		<marc:datafield tag="020" ind1=" " ind2=" ">
			<marc:subfield code="a">978-84-234-1398-0</marc:subfield>
		</marc:datafield>
		<marc:datafield tag="040" ind1=" " ind2=" ">
			<marc:subfield code="a">BCD</marc:subfield>
			<marc:subfield code="b">spa</marc:subfield>
		</marc:datafield>
		<marc:datafield tag="100" ind1="0" ind2=" ">
			<marc:subfield code="a">Malagón.</marc:subfield>
		</marc:datafield>
		<marc:datafield tag="130" ind1="0" ind2=" ">
			<marc:subfield code="a">This is the uniform title</marc:subfield>
		</marc:datafield>		
		<marc:datafield tag="245" ind1="1" ind2="1">
			<marc:subfield code="a">¡Cabreaos! :</marc:subfield>
			<marc:subfield code="b">se ríen por encima de nuestras posibilidades /</marc:subfield>
			<marc:subfield code="c">Malagón.</marc:subfield>
		</marc:datafield>
		<marc:datafield tag="260" ind1=" " ind2=" ">
			<marc:subfield code="a">Barcelona :</marc:subfield>
			<marc:subfield code="b">Grupo Planeta,</marc:subfield>
			<marc:subfield code="c">2013.</marc:subfield>
		</marc:datafield>
		<marc:datafield tag="300" ind1=" " ind2=" ">
			<marc:subfield code="a">134 p. :</marc:subfield>
			<marc:subfield code="b">il. ;</marc:subfield>
			<marc:subfield code="c">20 cm</marc:subfield>
		</marc:datafield>
		<marc:datafield tag="500" ind1=" " ind2=" ">
			<marc:subfield code="a">Exposición novela gráfica</marc:subfield>
		</marc:datafield>
		<marc:datafield tag="520" ind1=" " ind2=" ">
			<marc:subfield code="a">La mejor forma de sobrellevar la crisis es riéndose de ella. En este libro, el conocido humorista gráfico Malagón nos propone un viaje por los mercados, los bancos, la sanidad, los indignados, la casta política y los recortes, en el que retrata con sorna todo lo que al final nos cabrea de esta crisis. Y es que el cabreo puede ser el motor del cambio. Abandonemos nuestro acomodado enfado frente a la televisión y pasemos al siguiente estado de ánimo, un creciente y cada vez más generalizado cabreo ante la realidad que, debido a algunos, tenemos muchos. (Fuente: Planeta de Libros)</marc:subfield>
		</marc:datafield>
		<marc:datafield tag="590" ind1="1" ind2=" ">
			<marc:subfield code="a">BCD4</marc:subfield>
		</marc:datafield>
		<marc:datafield tag="650" ind1=" " ind2="4">
			<marc:subfield code="a">Cómics</marc:subfield>
			<marc:subfield code="z">España</marc:subfield>
			<marc:subfield code="y">2011-2020.</marc:subfield>
		</marc:datafield>
		<marc:datafield tag="650" ind1=" " ind2="4">
			<marc:subfield code="a">Crisis económicas</marc:subfield>
			<marc:subfield code="y">2008- </marc:subfield>
			<marc:subfield code="v">Cómics.</marc:subfield>
		</marc:datafield>
		<marc:datafield tag="650" ind1=" " ind2="4">
			<marc:subfield code="a">Corrupción política.</marc:subfield>
		</marc:datafield>
		<marc:datafield tag="650" ind1=" " ind2="4">
			<marc:subfield code="a">Denuncia y crítica social.</marc:subfield>
		</marc:datafield>
		<marc:datafield tag="650" ind1=" " ind2="4">
			<marc:subfield code="a">Corrupción administrativa.</marc:subfield>
		</marc:datafield>
		<marc:datafield tag="850" ind1=" " ind2=" ">
			<marc:subfield code="a">ARTP</marc:subfield>
		</marc:datafield>
		<marc:datafield tag="852" ind1=" " ind2=" ">
			<marc:subfield code="a">ARTP</marc:subfield>
			<marc:subfield code="x">****</marc:subfield>
			<marc:subfield code="m">COM MAL3 1</marc:subfield>
			<marc:subfield code="q">COMPRA</marc:subfield>
			<marc:subfield code="A">0  0173@  </marc:subfield>
			<marc:subfield code="B">56023</marc:subfield>
			<marc:subfield code="F">47130         </marc:subfield>
			<marc:subfield code="S">COM MAL3 1</marc:subfield>
		</marc:datafield>
		<marc:datafield tag="900" ind1="0" ind2=" ">
			<marc:subfield code="a">Rubio Malagón, José.</marc:subfield>
		</marc:datafield>
		<marc:datafield tag="990" ind1="1" ind2="0">
			<marc:subfield code="a">90001a</marc:subfield>
			<marc:subfield code="b">10001a</marc:subfield>
		</marc:datafield>
	</marc:record>
</marc:collection>
